<?xml version="1.0" encoding="UTF-8"?><collection xmlns="http://www.loc.gov/MARC21/slim"><record><leader>00402nam--2200157-i-4500</leader><controlfield tag="001">000020734</controlfield><controlfield tag="002">20161230</controlfield><controlfield tag="005">20170224005000</controlfield><controlfield tag="008">060222s1000------------r-----000-0-eng-d</controlfield><datafield ind1=" " ind2=" " tag="080"><subfield code="a">007</subfield></datafield><datafield ind1=" " ind2=" " tag="100"><subfield code="a">Nicolau, Edmond</subfield></datafield><datafield ind1=" " ind2=" " tag="245"><subfield code="a">Introducere in cibernetica</subfield><subfield code="c">Prof.Univ. Edmond Nicolau</subfield></datafield><datafield ind1=" " ind2=" " tag="260"><subfield code="a">Bucuresti</subfield><subfield code="b">Editura Tehnica</subfield><subfield code="c">1964</subfield></datafield><datafield ind1=" " ind2=" " tag="300"><subfield code="a">166 p</subfield></datafield><datafield ind1=" " ind2=" " tag="852"><subfield code="a">80644</subfield></datafield><datafield ind1=" " ind2=" " tag="CAT"><subfield code="a">SYS</subfield><subfield code="c">20170224</subfield><subfield code="h">005000</subfield></datafield></record></collection>